<?xml version="1.0" encoding="UTF-8"?><collection xmlns="http://www.loc.gov/MARC21/slim"><record><leader>00368nam--2200121-i-4500</leader><controlfield tag="001">000003388</controlfield><controlfield tag="002">20161230</controlfield><controlfield tag="005">20161230201025</controlfield><controlfield tag="008">060222s1000------------r-----000-0-eng-d</controlfield><datafield ind1=" " ind2=" " tag="100"><subfield code="a">Dupont, J., Charabat, E., Pillet, L. /S.A.</subfield></datafield><datafield ind1=" " ind2=" " tag="245"><subfield code="a">Les huiles esentielles et leurs principaux constituants. preface de m.e.grimaux</subfield></datafield><datafield ind1=" " ind2=" " tag="260"><subfield code="a">Paris, Beranger, 1899</subfield></datafield><datafield ind1=" " ind2=" " tag="490"><subfield code="a">Xii+1002p</subfield></datafield></record></collection>